[gd_scene load_steps=13 format=2]

[ext_resource path="res://addons/escoria-core/game/core-scripts/esc_background.gd" type="Script" id=1]
[ext_resource path="res://addons/escoria-core/game/core-scripts/esc_room.gd" type="Script" id=2]
[ext_resource path="res://addons/escoria-core/game/core-scripts/esc_terrain.gd" type="Script" id=3]
[ext_resource path="res://addons/escoria-core/game/core-scripts/esc_location.gd" type="Script" id=4]
[ext_resource path="res://rooms/store/store_background.png" type="Texture" id=5]
[ext_resource path="res://characters/player/player.tscn" type="PackedScene" id=6]
[ext_resource path="res://addons/escoria-core/game/core-scripts/esc_exit.gd" type="Script" id=7]
[ext_resource path="res://addons/escoria-core/game/core-scripts/esc_item.gd" type="Script" id=8]
[ext_resource path="res://rooms/store/store_scale.png" type="Texture" id=9]
[ext_resource path="res://characters/clara/clara.tscn" type="PackedScene" id=10]
[ext_resource path="res://characters/invisi/invisi.tscn" type="PackedScene" id=11]

[sub_resource type="NavigationPolygon" id=1]
vertices = PoolVector2Array( 475, 855, 623, 894, 844, 1037, 1063, 1236, 757, 1243, 379, 1215, 332, 897, 483, 799, 579, 784, 706.443, 891.452 )
polygons = [ PoolIntArray( 0, 1, 2, 3, 4, 5, 6 ), PoolIntArray( 7, 8, 1, 0 ), PoolIntArray( 2, 1, 9 ) ]
outlines = [ PoolVector2Array( 579, 784, 623, 894, 706.443, 891.452, 844, 1037, 1063, 1236, 757, 1243, 379, 1215, 332, 897, 475, 855, 483, 799 ) ]

[node name="store" type="Node2D"]
script = ExtResource( 2 )
global_id = "store"
esc_script = "res://rooms/store/store.esc"
player_scene = ExtResource( 6 )

[node name="start" type="Position2D" parent="."]
position = Vector2( 560, 500 )
script = ExtResource( 4 )
global_id = "store_start"
is_start_location = true

[node name="ESCBackground" type="TextureRect" parent="."]
margin_right = 40.0
margin_bottom = 40.0
mouse_filter = 2
texture = ExtResource( 5 )
script = ExtResource( 1 )

[node name="ESCTerrain" type="Navigation2D" parent="."]
script = ExtResource( 3 )
scales = ExtResource( 9 )
scale_min = 0.8
scale_max = 1.5

[node name="NavigationPolygonInstance" type="NavigationPolygonInstance" parent="ESCTerrain"]
position = Vector2( 10, -356 )
navpoly = SubResource( 1 )

[node name="ESCExit" type="Area2D" parent="."]
script = ExtResource( 7 )
global_id = "store_door"
tooltip_name = "Back To Town"
default_action = "open"
target_scene = "res://rooms/crossing/crossing.tscn"
switch_sound = "res://rooms/store/door.wav"

[node name="CollisionPolygon2D" type="CollisionPolygon2D" parent="ESCExit"]
polygon = PoolVector2Array( 482, 423, 420, 63, 584, 73, 627, 396 )

[node name="location" type="Position2D" parent="ESCExit"]
position = Vector2( 583, 505 )
script = ExtResource( 4 )
global_id = "exit_store"

[node name="wait_location" type="Position2D" parent="."]
position = Vector2( 511, 724 )
script = ExtResource( 4 )
global_id = "store_wait_location"

[node name="clara" parent="." instance=ExtResource( 10 )]
visible = false
position = Vector2( 690, 620 )
default_action = "talk"

[node name="invisi" parent="." instance=ExtResource( 11 )]
position = Vector2( 1319, 626 )
esc_script = "res://rooms/store/store_clerk.esc"
tooltip_name = "Store Clerk"
selectable = true

[node name="ESCLocation" type="Position2D" parent="invisi"]
position = Vector2( -427, 188 )
script = ExtResource( 4 )
global_id = "store_in_front_of_clerk"

[node name="ESCItem" type="Area2D" parent="."]
pause_mode = 1
position = Vector2( 675, 630 )
script = ExtResource( 8 )
global_id = "store_guys"
esc_script = "res://rooms/store/store_guys.esc"
tooltip_name = "Guys Talking About Games"
default_action = "talk"
combine_when_selected_action_is_in = [  ]
dialog_color = Color( 1, 1, 1, 1 )
animations = null

[node name="CollisionPolygon2D" type="CollisionPolygon2D" parent="ESCItem"]
position = Vector2( -673, -627 )
polygon = PoolVector2Array( 726, 477, 723, 504, 678, 479, 659, 298, 635, 239, 673, 196, 681, 156, 718, 159, 731, 188, 763, 159, 787, 191, 825, 242, 833, 295, 803, 317, 737, 317, 721, 437 )

[node name="ESCLocation" type="Position2D" parent="ESCItem"]
script = ExtResource( 4 )
