[gd_scene load_steps=11 format=2]

[ext_resource path="res://addons/escoria-core/game/core-scripts/esc_room.gd" type="Script" id=1]
[ext_resource path="res://characters/player/player.tscn" type="PackedScene" id=2]
[ext_resource path="res://addons/escoria-core/game/core-scripts/esc_background.gd" type="Script" id=3]
[ext_resource path="res://addons/escoria-core/game/core-scripts/esc_terrain.gd" type="Script" id=4]
[ext_resource path="res://addons/escoria-core/game/core-scripts/esc_location.gd" type="Script" id=5]
[ext_resource path="res://rooms/market/market_background.png" type="Texture" id=6]
[ext_resource path="res://addons/escoria-core/game/core-scripts/esc_exit.gd" type="Script" id=7]
[ext_resource path="res://rooms/market/market_scale.png" type="Texture" id=8]
[ext_resource path="res://characters/krampus/krampus.tscn" type="PackedScene" id=9]

[sub_resource type="NavigationPolygon" id=2]
vertices = PoolVector2Array( 1918, 770, 258, 778, 266, 710, 490, 642, 1913, 654, 493, 504, 1137, 550, 755, 440, 943, 442, 953, 510, 1229, 536 )
polygons = [ PoolIntArray( 0, 1, 2, 3, 4 ), PoolIntArray( 4, 3, 5, 6 ), PoolIntArray( 7, 8, 9, 5 ), PoolIntArray( 6, 10, 4 ), PoolIntArray( 5, 9, 6 ) ]
outlines = [ PoolVector2Array( 755, 440, 943, 442, 953, 510, 1137, 550, 1229, 536, 1913, 654, 1918, 770, 258, 778, 266, 710, 490, 642, 493, 504 ) ]

[node name="market" type="Node2D"]
script = ExtResource( 1 )
global_id = "market"
esc_script = "res://rooms/market/market.esc"
player_scene = ExtResource( 2 )

[node name="ESCBackground" type="TextureRect" parent="."]
margin_right = 40.0
margin_bottom = 40.0
mouse_filter = 2
texture = ExtResource( 6 )
script = ExtResource( 3 )

[node name="ESCExit" type="Area2D" parent="."]
script = ExtResource( 7 )
global_id = "exit_market2old_square"
tooltip_name = "To Old Square"
default_action = "use"
target_scene = "res://rooms/old_square/old_square.tscn"

[node name="location" type="Position2D" parent="ESCExit"]
position = Vector2( 1701, 701 )
script = ExtResource( 5 )
global_id = "market2old_square"

[node name="CollisionPolygon2D" type="CollisionPolygon2D" parent="ESCExit"]
polygon = PoolVector2Array( 1765, 495, 1763, 804, 1963, 795, 1961, 535 )

[node name="start" type="Position2D" parent="."]
position = Vector2( 1500, 700 )
script = ExtResource( 5 )
global_id = "market_start"
is_start_location = true

[node name="ESCTerrain" type="Navigation2D" parent="."]
script = ExtResource( 4 )
scales = ExtResource( 8 )
scale_min = 0.28
scale_max = 1.2

[node name="NavigationPolygonInstance" type="NavigationPolygonInstance" parent="ESCTerrain"]
navpoly = SubResource( 2 )

[node name="krampus" parent="." instance=ExtResource( 9 )]
position = Vector2( 654, 580 )
__meta__ = {
"_editor_description_": ""
}
esc_script = "res://rooms/market/market_krampus.esc"
tooltip_name = "Krampus"
dialog_color = Color( 1, 0.368627, 0.368627, 1 )
selectable = true

[node name="ESCLocation" type="Position2D" parent="krampus"]
position = Vector2( 165, 105 )
script = ExtResource( 5 )
global_id = "krampus_talk_location"
