[gd_resource type="AnimatedTexture" load_steps=87 format=2]

[ext_resource path="res://characters/krampus/avatar/krampus_avatar_0004.png" type="Texture" id=1]
[ext_resource path="res://characters/krampus/avatar/krampus_avatar_0049.png" type="Texture" id=2]
[ext_resource path="res://characters/krampus/avatar/krampus_avatar_0032.png" type="Texture" id=3]
[ext_resource path="res://characters/krampus/avatar/krampus_avatar_0048.png" type="Texture" id=4]
[ext_resource path="res://characters/krampus/avatar/krampus_avatar_0015.png" type="Texture" id=5]
[ext_resource path="res://characters/krampus/avatar/krampus_avatar_0007.png" type="Texture" id=6]
[ext_resource path="res://characters/krampus/avatar/krampus_avatar_0035.png" type="Texture" id=7]
[ext_resource path="res://characters/krampus/avatar/krampus_avatar_0050.png" type="Texture" id=8]
[ext_resource path="res://characters/krampus/avatar/krampus_avatar_0052.png" type="Texture" id=9]
[ext_resource path="res://characters/krampus/avatar/krampus_avatar_0053.png" type="Texture" id=10]
[ext_resource path="res://characters/krampus/avatar/krampus_avatar_0054.png" type="Texture" id=11]
[ext_resource path="res://characters/krampus/avatar/krampus_avatar_0001.png" type="Texture" id=12]
[ext_resource path="res://characters/krampus/avatar/krampus_avatar_0014.png" type="Texture" id=13]
[ext_resource path="res://characters/krampus/avatar/krampus_avatar_0034.png" type="Texture" id=14]
[ext_resource path="res://characters/krampus/avatar/krampus_avatar_0051.png" type="Texture" id=15]
[ext_resource path="res://characters/krampus/avatar/krampus_avatar_0055.png" type="Texture" id=16]
[ext_resource path="res://characters/krampus/avatar/krampus_avatar_0009.png" type="Texture" id=17]
[ext_resource path="res://characters/krampus/avatar/krampus_avatar_0028.png" type="Texture" id=18]
[ext_resource path="res://characters/krampus/avatar/krampus_avatar_0020.png" type="Texture" id=19]
[ext_resource path="res://characters/krampus/avatar/krampus_avatar_0029.png" type="Texture" id=20]
[ext_resource path="res://characters/krampus/avatar/krampus_avatar_0003.png" type="Texture" id=21]
[ext_resource path="res://characters/krampus/avatar/krampus_avatar_0012.png" type="Texture" id=22]
[ext_resource path="res://characters/krampus/avatar/krampus_avatar_0018.png" type="Texture" id=23]
[ext_resource path="res://characters/krampus/avatar/krampus_avatar_0005.png" type="Texture" id=24]
[ext_resource path="res://characters/krampus/avatar/krampus_avatar_0022.png" type="Texture" id=25]
[ext_resource path="res://characters/krampus/avatar/krampus_avatar_0017.png" type="Texture" id=26]
[ext_resource path="res://characters/krampus/avatar/krampus_avatar_0031.png" type="Texture" id=27]
[ext_resource path="res://characters/krampus/avatar/krampus_avatar_0037.png" type="Texture" id=28]
[ext_resource path="res://characters/krampus/avatar/krampus_avatar_0030.png" type="Texture" id=29]
[ext_resource path="res://characters/krampus/avatar/krampus_avatar_0039.png" type="Texture" id=30]
[ext_resource path="res://characters/krampus/avatar/krampus_avatar_0008.png" type="Texture" id=31]
[ext_resource path="res://characters/krampus/avatar/krampus_avatar_0013.png" type="Texture" id=32]
[ext_resource path="res://characters/krampus/avatar/krampus_avatar_0021.png" type="Texture" id=33]
[ext_resource path="res://characters/krampus/avatar/krampus_avatar_0033.png" type="Texture" id=34]
[ext_resource path="res://characters/krampus/avatar/krampus_avatar_0038.png" type="Texture" id=35]
[ext_resource path="res://characters/krampus/avatar/krampus_avatar_0024.png" type="Texture" id=36]
[ext_resource path="res://characters/krampus/avatar/krampus_avatar_0040.png" type="Texture" id=37]
[ext_resource path="res://characters/krampus/avatar/krampus_avatar_0010.png" type="Texture" id=38]
[ext_resource path="res://characters/krampus/avatar/krampus_avatar_0041.png" type="Texture" id=39]
[ext_resource path="res://characters/krampus/avatar/krampus_avatar_0019.png" type="Texture" id=40]
[ext_resource path="res://characters/krampus/avatar/krampus_avatar_0016.png" type="Texture" id=41]
[ext_resource path="res://characters/krampus/avatar/krampus_avatar_0000.png" type="Texture" id=42]
[ext_resource path="res://characters/krampus/avatar/krampus_avatar_0002.png" type="Texture" id=43]
[ext_resource path="res://characters/krampus/avatar/krampus_avatar_0025.png" type="Texture" id=44]
[ext_resource path="res://characters/krampus/avatar/krampus_avatar_0026.png" type="Texture" id=45]
[ext_resource path="res://characters/krampus/avatar/krampus_avatar_0036.png" type="Texture" id=46]
[ext_resource path="res://characters/krampus/avatar/krampus_avatar_0023.png" type="Texture" id=47]
[ext_resource path="res://characters/krampus/avatar/krampus_avatar_0042.png" type="Texture" id=48]
[ext_resource path="res://characters/krampus/avatar/krampus_avatar_0043.png" type="Texture" id=49]
[ext_resource path="res://characters/krampus/avatar/krampus_avatar_0044.png" type="Texture" id=50]
[ext_resource path="res://characters/krampus/avatar/krampus_avatar_0011.png" type="Texture" id=51]
[ext_resource path="res://characters/krampus/avatar/krampus_avatar_0027.png" type="Texture" id=52]
[ext_resource path="res://characters/krampus/avatar/krampus_avatar_0006.png" type="Texture" id=53]
[ext_resource path="res://characters/krampus/avatar/krampus_avatar_0045.png" type="Texture" id=54]
[ext_resource path="res://characters/krampus/avatar/krampus_avatar_0046.png" type="Texture" id=55]
[ext_resource path="res://characters/krampus/avatar/krampus_avatar_0047.png" type="Texture" id=56]
[ext_resource path="res://characters/krampus/avatar/krampus_avatar_0061.png" type="Texture" id=57]
[ext_resource path="res://characters/krampus/avatar/krampus_avatar_0062.png" type="Texture" id=58]
[ext_resource path="res://characters/krampus/avatar/krampus_avatar_0078.png" type="Texture" id=59]
[ext_resource path="res://characters/krampus/avatar/krampus_avatar_0066.png" type="Texture" id=60]
[ext_resource path="res://characters/krampus/avatar/krampus_avatar_0057.png" type="Texture" id=61]
[ext_resource path="res://characters/krampus/avatar/krampus_avatar_0085.png" type="Texture" id=62]
[ext_resource path="res://characters/krampus/avatar/krampus_avatar_0071.png" type="Texture" id=63]
[ext_resource path="res://characters/krampus/avatar/krampus_avatar_0076.png" type="Texture" id=64]
[ext_resource path="res://characters/krampus/avatar/krampus_avatar_0070.png" type="Texture" id=65]
[ext_resource path="res://characters/krampus/avatar/krampus_avatar_0056.png" type="Texture" id=66]
[ext_resource path="res://characters/krampus/avatar/krampus_avatar_0064.png" type="Texture" id=67]
[ext_resource path="res://characters/krampus/avatar/krampus_avatar_0060.png" type="Texture" id=68]
[ext_resource path="res://characters/krampus/avatar/krampus_avatar_0073.png" type="Texture" id=69]
[ext_resource path="res://characters/krampus/avatar/krampus_avatar_0079.png" type="Texture" id=70]
[ext_resource path="res://characters/krampus/avatar/krampus_avatar_0082.png" type="Texture" id=71]
[ext_resource path="res://characters/krampus/avatar/krampus_avatar_0075.png" type="Texture" id=72]
[ext_resource path="res://characters/krampus/avatar/krampus_avatar_0058.png" type="Texture" id=73]
[ext_resource path="res://characters/krampus/avatar/krampus_avatar_0084.png" type="Texture" id=74]
[ext_resource path="res://characters/krampus/avatar/krampus_avatar_0059.png" type="Texture" id=75]
[ext_resource path="res://characters/krampus/avatar/krampus_avatar_0063.png" type="Texture" id=76]
[ext_resource path="res://characters/krampus/avatar/krampus_avatar_0077.png" type="Texture" id=77]
[ext_resource path="res://characters/krampus/avatar/krampus_avatar_0067.png" type="Texture" id=78]
[ext_resource path="res://characters/krampus/avatar/krampus_avatar_0065.png" type="Texture" id=79]
[ext_resource path="res://characters/krampus/avatar/krampus_avatar_0069.png" type="Texture" id=80]
[ext_resource path="res://characters/krampus/avatar/krampus_avatar_0074.png" type="Texture" id=81]
[ext_resource path="res://characters/krampus/avatar/krampus_avatar_0072.png" type="Texture" id=82]
[ext_resource path="res://characters/krampus/avatar/krampus_avatar_0080.png" type="Texture" id=83]
[ext_resource path="res://characters/krampus/avatar/krampus_avatar_0083.png" type="Texture" id=84]
[ext_resource path="res://characters/krampus/avatar/krampus_avatar_0068.png" type="Texture" id=85]
[ext_resource path="res://characters/krampus/avatar/krampus_avatar_0081.png" type="Texture" id=86]

[resource]
flags = 4
frames = 86
fps = 30.0
frame_0/texture = ExtResource( 42 )
frame_1/texture = ExtResource( 12 )
frame_1/delay_sec = 0.0
frame_2/texture = ExtResource( 43 )
frame_2/delay_sec = 0.0
frame_3/texture = ExtResource( 21 )
frame_3/delay_sec = 0.0
frame_4/texture = ExtResource( 1 )
frame_4/delay_sec = 0.0
frame_5/texture = ExtResource( 24 )
frame_5/delay_sec = 0.0
frame_6/texture = ExtResource( 53 )
frame_6/delay_sec = 0.0
frame_7/texture = ExtResource( 6 )
frame_7/delay_sec = 0.0
frame_8/texture = ExtResource( 31 )
frame_8/delay_sec = 0.0
frame_9/texture = ExtResource( 17 )
frame_9/delay_sec = 0.0
frame_10/texture = ExtResource( 38 )
frame_10/delay_sec = 0.0
frame_11/texture = ExtResource( 51 )
frame_11/delay_sec = 0.0
frame_12/texture = ExtResource( 22 )
frame_12/delay_sec = 0.0
frame_13/texture = ExtResource( 32 )
frame_13/delay_sec = 0.0
frame_14/texture = ExtResource( 13 )
frame_14/delay_sec = 0.0
frame_15/texture = ExtResource( 5 )
frame_15/delay_sec = 0.0
frame_16/texture = ExtResource( 41 )
frame_16/delay_sec = 0.0
frame_17/texture = ExtResource( 26 )
frame_17/delay_sec = 0.0
frame_18/texture = ExtResource( 23 )
frame_18/delay_sec = 0.0
frame_19/texture = ExtResource( 40 )
frame_19/delay_sec = 0.0
frame_20/texture = ExtResource( 19 )
frame_20/delay_sec = 0.0
frame_21/texture = ExtResource( 33 )
frame_21/delay_sec = 0.0
frame_22/texture = ExtResource( 25 )
frame_22/delay_sec = 0.0
frame_23/texture = ExtResource( 47 )
frame_23/delay_sec = 0.0
frame_24/texture = ExtResource( 36 )
frame_24/delay_sec = 0.0
frame_25/texture = ExtResource( 44 )
frame_25/delay_sec = 0.0
frame_26/texture = ExtResource( 45 )
frame_26/delay_sec = 0.0
frame_27/texture = ExtResource( 52 )
frame_27/delay_sec = 0.0
frame_28/texture = ExtResource( 18 )
frame_28/delay_sec = 0.0
frame_29/texture = ExtResource( 20 )
frame_29/delay_sec = 0.0
frame_30/texture = ExtResource( 29 )
frame_30/delay_sec = 0.0
frame_31/texture = ExtResource( 27 )
frame_31/delay_sec = 0.0
frame_32/texture = ExtResource( 3 )
frame_32/delay_sec = 0.0
frame_33/texture = ExtResource( 34 )
frame_33/delay_sec = 0.0
frame_34/texture = ExtResource( 14 )
frame_34/delay_sec = 0.0
frame_35/texture = ExtResource( 7 )
frame_35/delay_sec = 0.0
frame_36/texture = ExtResource( 46 )
frame_36/delay_sec = 0.0
frame_37/texture = ExtResource( 28 )
frame_37/delay_sec = 0.0
frame_38/texture = ExtResource( 35 )
frame_38/delay_sec = 0.0
frame_39/texture = ExtResource( 30 )
frame_39/delay_sec = 0.0
frame_40/texture = ExtResource( 37 )
frame_40/delay_sec = 0.0
frame_41/texture = ExtResource( 39 )
frame_41/delay_sec = 0.0
frame_42/texture = ExtResource( 48 )
frame_42/delay_sec = 0.0
frame_43/texture = ExtResource( 49 )
frame_43/delay_sec = 0.0
frame_44/texture = ExtResource( 50 )
frame_44/delay_sec = 0.0
frame_45/texture = ExtResource( 54 )
frame_45/delay_sec = 0.0
frame_46/texture = ExtResource( 55 )
frame_46/delay_sec = 0.0
frame_47/texture = ExtResource( 56 )
frame_47/delay_sec = 0.0
frame_48/texture = ExtResource( 4 )
frame_48/delay_sec = 0.0
frame_49/texture = ExtResource( 2 )
frame_49/delay_sec = 0.0
frame_50/texture = ExtResource( 8 )
frame_50/delay_sec = 0.0
frame_51/texture = ExtResource( 15 )
frame_51/delay_sec = 0.0
frame_52/texture = ExtResource( 9 )
frame_52/delay_sec = 0.0
frame_53/texture = ExtResource( 10 )
frame_53/delay_sec = 0.0
frame_54/texture = ExtResource( 11 )
frame_54/delay_sec = 0.0
frame_55/texture = ExtResource( 16 )
frame_55/delay_sec = 0.0
frame_56/texture = ExtResource( 66 )
frame_56/delay_sec = 0.0
frame_57/texture = ExtResource( 61 )
frame_57/delay_sec = 0.0
frame_58/texture = ExtResource( 73 )
frame_58/delay_sec = 0.0
frame_59/texture = ExtResource( 75 )
frame_59/delay_sec = 0.0
frame_60/texture = ExtResource( 68 )
frame_60/delay_sec = 0.0
frame_61/texture = ExtResource( 57 )
frame_61/delay_sec = 0.0
frame_62/texture = ExtResource( 58 )
frame_62/delay_sec = 0.0
frame_63/texture = ExtResource( 76 )
frame_63/delay_sec = 0.0
frame_64/texture = ExtResource( 67 )
frame_64/delay_sec = 0.0
frame_65/texture = ExtResource( 79 )
frame_65/delay_sec = 0.0
frame_66/texture = ExtResource( 60 )
frame_66/delay_sec = 0.0
frame_67/texture = ExtResource( 78 )
frame_67/delay_sec = 0.0
frame_68/texture = ExtResource( 85 )
frame_68/delay_sec = 0.0
frame_69/texture = ExtResource( 80 )
frame_69/delay_sec = 0.0
frame_70/texture = ExtResource( 65 )
frame_70/delay_sec = 0.0
frame_71/texture = ExtResource( 63 )
frame_71/delay_sec = 0.0
frame_72/texture = ExtResource( 82 )
frame_72/delay_sec = 0.0
frame_73/texture = ExtResource( 69 )
frame_73/delay_sec = 0.0
frame_74/texture = ExtResource( 81 )
frame_74/delay_sec = 0.0
frame_75/texture = ExtResource( 72 )
frame_75/delay_sec = 0.0
frame_76/texture = ExtResource( 64 )
frame_76/delay_sec = 0.0
frame_77/texture = ExtResource( 77 )
frame_77/delay_sec = 0.0
frame_78/texture = ExtResource( 59 )
frame_78/delay_sec = 0.0
frame_79/texture = ExtResource( 70 )
frame_79/delay_sec = 0.0
frame_80/texture = ExtResource( 83 )
frame_80/delay_sec = 0.0
frame_81/texture = ExtResource( 86 )
frame_81/delay_sec = 0.0
frame_82/texture = ExtResource( 71 )
frame_82/delay_sec = 0.0
frame_83/texture = ExtResource( 84 )
frame_83/delay_sec = 0.0
frame_84/texture = ExtResource( 74 )
frame_84/delay_sec = 0.0
frame_85/texture = ExtResource( 62 )
frame_85/delay_sec = 0.0
