[gd_resource type="Resource" load_steps=36 format=2]

[ext_resource path="res://addons/escoria-core/game/core-scripts/resources/esc_animationresource.gd" type="Script" id=1]
[ext_resource path="res://addons/escoria-core/game/core-scripts/resources/esc_directionangle.gd" type="Script" id=2]
[ext_resource path="res://addons/escoria-core/game/core-scripts/resources/esc_animationname.gd" type="Script" id=3]

[sub_resource type="Resource" id=3]
script = ExtResource( 2 )
angle_start = 340
angle_size = 40

[sub_resource type="Resource" id=4]
script = ExtResource( 2 )
angle_start = 20
angle_size = 50

[sub_resource type="Resource" id=5]
script = ExtResource( 2 )
angle_start = 70
angle_size = 40

[sub_resource type="Resource" id=6]
script = ExtResource( 2 )
angle_start = 110
angle_size = 50

[sub_resource type="Resource" id=7]
script = ExtResource( 2 )
angle_start = 160
angle_size = 40

[sub_resource type="Resource" id=8]
script = ExtResource( 2 )
angle_start = 200
angle_size = 50

[sub_resource type="Resource" id=9]
script = ExtResource( 2 )
angle_start = 250
angle_size = 40

[sub_resource type="Resource" id=10]
script = ExtResource( 2 )
angle_start = 290
angle_size = 50

[sub_resource type="Resource" id=36]
script = ExtResource( 3 )
animation = "walk_n"
mirrored = false

[sub_resource type="Resource" id=37]
script = ExtResource( 3 )
animation = "walk_ne"
mirrored = false

[sub_resource type="Resource" id=38]
script = ExtResource( 3 )
animation = "walk_e"
mirrored = false

[sub_resource type="Resource" id=39]
script = ExtResource( 3 )
animation = "walk_se"
mirrored = false

[sub_resource type="Resource" id=40]
script = ExtResource( 3 )
animation = "walk_s"
mirrored = false

[sub_resource type="Resource" id=41]
script = ExtResource( 3 )
animation = "walk_sw"
mirrored = false

[sub_resource type="Resource" id=42]
script = ExtResource( 3 )
animation = "walk_w"
mirrored = false

[sub_resource type="Resource" id=43]
script = ExtResource( 3 )
animation = "walk_nw"
mirrored = false

[sub_resource type="Resource" id=44]
script = ExtResource( 3 )
animation = "phone_n"
mirrored = false

[sub_resource type="Resource" id=45]
script = ExtResource( 3 )
animation = "phone_ne"
mirrored = false

[sub_resource type="Resource" id=46]
script = ExtResource( 3 )
animation = "phone_e"
mirrored = false

[sub_resource type="Resource" id=47]
script = ExtResource( 3 )
animation = "phone_se"
mirrored = false

[sub_resource type="Resource" id=48]
script = ExtResource( 3 )
animation = "phone_s"
mirrored = false

[sub_resource type="Resource" id=49]
script = ExtResource( 3 )
animation = "phone_sw"
mirrored = false

[sub_resource type="Resource" id=50]
script = ExtResource( 3 )
animation = "phone_w"
mirrored = false

[sub_resource type="Resource" id=51]
script = ExtResource( 3 )
animation = "phone_nw"
mirrored = false

[sub_resource type="Resource" id=60]
script = ExtResource( 3 )
animation = "phone_n"
mirrored = false

[sub_resource type="Resource" id=53]
script = ExtResource( 3 )
animation = "phone_ne"
mirrored = false

[sub_resource type="Resource" id=54]
script = ExtResource( 3 )
animation = "phone_e"
mirrored = true

[sub_resource type="Resource" id=55]
script = ExtResource( 3 )
animation = "phone_se"
mirrored = false

[sub_resource type="Resource" id=56]
script = ExtResource( 3 )
animation = "phone_s"
mirrored = false

[sub_resource type="Resource" id=57]
script = ExtResource( 3 )
animation = "phone_sw"
mirrored = false

[sub_resource type="Resource" id=58]
script = ExtResource( 3 )
animation = "phone_w"
mirrored = false

[sub_resource type="Resource" id=59]
script = ExtResource( 3 )
animation = "phone_nw"
mirrored = false

[resource]
script = ExtResource( 1 )
dir_angles = [ SubResource( 3 ), SubResource( 4 ), SubResource( 5 ), SubResource( 6 ), SubResource( 7 ), SubResource( 8 ), SubResource( 9 ), SubResource( 10 ) ]
directions = [ SubResource( 36 ), SubResource( 37 ), SubResource( 38 ), SubResource( 39 ), SubResource( 40 ), SubResource( 41 ), SubResource( 42 ), SubResource( 43 ) ]
idles = [ SubResource( 44 ), SubResource( 45 ), SubResource( 46 ), SubResource( 47 ), SubResource( 48 ), SubResource( 49 ), SubResource( 50 ), SubResource( 51 ) ]
speaks = [ SubResource( 60 ), SubResource( 53 ), SubResource( 54 ), SubResource( 55 ), SubResource( 56 ), SubResource( 57 ), SubResource( 58 ), SubResource( 59 ) ]
